
@inproceedings{setbased,
  author   = {Yannis Smaragdakis and George Balatsouras and George Kastrinis},
  title    = {Set-Based Pre-Processing for Points-To Analysis},
  crossref = {oopsla:2013},
  pages    = {253--270},
  ee       = {http://doi.acm.org/10.1145/2509136.2509524},
}

@inproceedings{jphantom,
  author   = {George Balatsouras and Yannis Smaragdakis},
  title    = {Class Hierarchy Complementation:
              Soundly Completing a Partial Type Graph},
  crossref = {oopsla:2013},
  pages    = {515--532},
  ee       = {http://doi.acm.org/10.1145/2509136.2509530},
}


@inproceedings{introspective,
  author   = {Smaragdakis, Yannis and Kastrinis, George and Balatsouras, George},
  title    = {Introspective Analysis: Context-sensitivity, Across the Board},
  crossref = {pldi:2014},
  pages    = {485--495},
  numpages = {11},
  url      = {http://doi.acm.org/10.1145/2594291.2594320},
  doi      = {10.1145/2594291.2594320},
  acmid    = {2594320},
  keywords = {context-sensitivity, object-sensitivity, points-to analysis, type-sensitivity},
}

@article{survey,
  author  = {Smaragdakis, Yannis and Balatsouras, George},
  title   = {Pointer Analysis},
  journal = {Foundations and Trends\textregistered{} in Programming Languages},
  year    = {2015},
  number  = 1,
  pages   = {1--69},
  volume  = {2},
  issn    = {2325-1107},
  url     = {http://dx.doi.org/10.1561/2500000014},
  doi     = {10.1561/2500000014},
}

@inproceedings{reflection,
  author   = {Yannis Smaragdakis and George Balatsouras and George Kastrinis},
  title    = {More Sound Static Handling of {J}ava Reflection},
  crossref = {aplas:2015},
}

@inproceedings{structsens,
  author   = {George Balatsouras and Yannis Smaragdakis},
  title    = {Structure-Sensitive Points-To Analysis for {C} and {C}++},
  crossref = {sas:2016},
}

@inproceedings{mustalias,
  author   = {Balatsouras, George and Ferles, Kostas and Kastrinis, George and Smaragdakis, Yannis},
  title    = {A Datalog Model of Must-alias Analysis},
  crossref = {soap:2017},
}

@inproceedings{mustefficient,
  author   = {Kastrinis, George and Balatsouras, George and Ferles, Kostas and
                Prokopaki-Kostopoulou, Nefeli and Smaragdakis, Yannis},
  title    = {An Efficient Data Structure for Must-Alias Analysis},
  crossref = {cc:2018},
}
