@string{PLDI   = "Conf. on Programming Language Design and Implementation"}
@string{ECOOP  = "Eur. Conf. on Object-Oriented Programming"}
@string{POPL   = "Conf. on Principles of Programming Languages"}
@string{OOPSLA = "Conf. on Object-Oriented Programming, Systems, Languages, and Applications"}
@string{ISSTA  = "Intl. Symposium on Software Testing and Analysis"}
@string{PASTE  = "Workshop on Program Analysis for Software Tools and Engineering"}
@string{APLAS  = "Asian Symp. on Programming Languages and Systems"}
@string{SAS    = "Intl. Symp. on Static Analysis"}
@string{ICSE   = "Intl. Conf. on Software Engineering"}
@string{CC     = "Conf. on Compiler Construction"}
@string{SOAP   = "Intl. Workshop on the State Of the Art in Program Analysis"}


@proceedings{cc:2018,
  booktitle = CC,
  series    = {CC '18},
  location  = {Vienna, Austria},
  year      = {2018},
}

@proceedings{ecoop:2013,
  booktitle = ECOOP,
  series    = {ECOOP '13},
  location  = {Montpellier, France},
  year      = {2013},
  bibsource = {DBLP, http://dblp.uni-trier.de},
}

@proceedings{ecoop:2012,
  booktitle = ECOOP,
  series    = {ECOOP '12},
  location  = {Beijing, China},
  year      = {2012},
  bibsource = {DBLP, http://dblp.uni-trier.de},
}

@proceedings{ecoop:2006,
  booktitle = ECOOP,
  series    = {ECOOP '06},
  location  = {Nantes, France},
  year      = {2006},
  bibsource = {DBLP, http://dblp.uni-trier.de},
}

@proceedings{pldi:2014,
  booktitle = PLDI,
  series    = {PLDI '14},
  location  = {Edinburgh, United Kingdom},
  year      = {2014},
}

@proceedings{pldi:2013,
  booktitle = PLDI,
  series    = {PLDI '13},
  location  = {Seattle, WA, USA},
  year      = {2013},
}

@proceedings{pldi:2012,
  booktitle = PLDI,
  series    = {PLDI '12},
  location  = {Beijing, China},
  year      = {2012},
}

@proceedings{pldi:2007,
  booktitle = PLDI,
  series    = {PLDI '07},
  location  = {San Diego, California, USA},
  year      = {2007},
}

@proceedings{pldi:2006,
  booktitle = PLDI,
  series    = {PLDI '06},
  location  = {Ottawa, Ontario, Canada},
  year      = {2006},
}

@proceedings{pldi:2004,
  booktitle = PLDI,
  series    = {PLDI '04},
  location  = {Washington, DC, USA},
  year      = {2004},
}

@proceedings{pldi:2003,
  booktitle = PLDI,
  series    = {PLDI '03},
  location  = {San Diego, California, USA},
  year      = {2003},
}
@proceedings{pldi:2000,
  booktitle = PLDI,
  series    = {PLDI '00},
  location  = {Vancouver, British Columbia, Canada},
  year      = {2000},
}

@proceedings{pldi:1998,
  booktitle = PLDI,
  series    = {PLDI '98},
  location  = {Montreal, Quebec, Canada},
  year      = {1998},
}

@proceedings{popl:2011,
  booktitle = POPL,
  location  = {Austin, Texas, USA},
  series    = {POPL '11},
  year      = {2011},
}

@proceedings{popl:2005,
  booktitle = POPL,
  location  = {Long Beach, California, USA},
  series    = {POPL '05},
  year      = {2005},
  address   = {New York, NY, USA},
}

@proceedings{popl:2004,
  booktitle = POPL,
  location  = {Venice, Italy},
  series    = {POPL '04},
  year      = {2004},
}

@proceedings{oopsla:2013,
  booktitle = OOPSLA,
  location  = {Indianapolis, Indiana, USA},
  series    = {OOPSLA '13},
  year      = {2013},
}

@proceedings{oopsla:2009,
  booktitle = OOPSLA,
  location  = {Orlando, Florida, USA},
  series    = {OOPSLA '09},
  year      = {2009},
}

@proceedings{oopsla:2006,
  booktitle = OOPSLA,
  location  = {Portland, Oregon, USA},
  series    = {OOPSLA '06},
  year      = {2006},
}

@proceedings{issta:2010,
  booktitle = ISSTA,
  location  = {Trento, Italy},
  series    = {ISSTA '10},
  year      = {2010},
}

@proceedings{paste:2010,
  booktitle = PASTE,
  location  = {Toronto, Ontario, Canada},
  series    = {PASTE '10},
  year      = {2010},
}

@proceedings{paste:2007,
  booktitle = PASTE,
  location  = {San Diego, California, USA},
  series    = {PASTE '07},
  year      = {2007},
}

@proceedings{aplas:2005,
  booktitle = APLAS,
  series    = {APLAS '05},
  year      = {2005},
  location  = {Tsukuba, Japan},
}

@proceedings{aplas:2015,
  booktitle = APLAS,
  series    = {APLAS '15},
  year      = {2015},
  location  = {Pohang, Korea},
}

@proceedings{pods:2005,
  booktitle = {Symp. on {P}rinciples of {D}atabase {S}ystems},
  location  = {Baltimore, Maryland, USA},
  series    = {PODS '05},
  year      = {2005},
  ee        = {http://dl.acm.org/citation.cfm?id=1065167},
}

@proceedings{icse:2008,
  booktitle = ICSE,
  series    = {ICSE '08},
  location  = {Leipzig, Germany},
  year      = {2008},
}

@proceedings{icse:2009,
  booktitle = ICSE,
  series    = {ICSE '09},
  location  = {Vancouver, Canada},
  year      = {2009},
}

@proceedings{sas:2016,
  booktitle = SAS,
  series    = {SAS '16},
  location  = {Edinburgh, United Kingdom},
  year      = {2016},
}

@proceedings{sas:2007,
  booktitle = SAS,
  series    = {SAS '07},
  location  = {Kongens Lyngby, Denmark},
  year      = {2007},
}

@proceedings{soap:2017,
  booktitle = SOAP,
  series    = {SOAP '17},
  location  = {Barcelona, Spain},
  year      = {2017},
}
